@MISC{R5:1,
    HOWPUBLISHED = "\url{https://www.eejournal.com/article/wait-what-mips-becomes-risc-v/}",
    AUTHOR = "Jim Turley",
    TITLE = "Wait, What? MIPS Becomes RISC-V",
    MONTH = "March",
    YEAR = "2021",
    NOTE = "Accessed on 2021-8-30"
}

@ARTICLE{R5:2,
    AUTHOR="Ning, Zhenyu. and Liao, Jinghui. and Zhang, Fengwei. and Shi, Weisong.",
    TITLE="Preliminary Study of Trusted Execution Environments on Heterogeneous Edge Platforms",
    JOURNAL="Third ACM/IEEE Symposium on Edge Computing",
    YEAR="2018",
}

@ARTICLE{R5:3,
    AUTHOR="Christian Göttel. and Rafael Pires. and Isabelly Rocha. and Sébastien Vaucher. and Pascal Felber. and Marcelo Pasin; Valerio Schiavoni",
    TITLE="Security, Performance and Energy Trade-offs of Hardware-assisted Memory Protection Mechanisms",
    JOURNAL="2018 IEEE 37th Symposium on Reliable Distributed Systems (SRDS), Salvador, Brazil",
    YEAR="2019",
}


@ARTICLE{R5:4,
    AUTHOR="Nicholas Geraldine Shirley. and Gui Yutian. and Saqib Fareena",
    TITLE="A Survey and Analysis on SoC Platform Security in ARM, Intel and RISC-V Architecture",
    JOURNAL="2020 IEEE 63rd International Midwest Symposium on Circuits and Systems (MWSCAS)",
    YEAR="2020",
}


@ARTICLE{R5:5,
    AUTHOR="Pascal Nasahl. and Robert Schilling. and Mario Werner. and Stefan Mangard",
    TITLE="HECTOR-V: A Heterogeneous CPU Architecture for a Secure RISC-V Execution Environment",
    JOURNAL="2021 ACM Asia Conference on Computer and Communications Security",
    YEAR="2021",
}

@ARTICLE{R5:6,
    AUTHOR="Victor Costan. and Ilia Lebedev. and Srinivas Devadas. and MIT CSAIL",
    TITLE="Sanctum: Minimal Hardware Extensions for Strong Software Isolation",
    JOURNAL="USENIX The Advanced Computing System Association",
    YEAR="2016",
}

@ARTICLE{R5:7,
    AUTHOR="Victor Costan. and S. Devadas",
    TITLE="Intel SGX Explained",
    JOURNAL="Computer Science and Artificial Intelligence Laboratory Massachusetts Institute of Technology",
    YEAR="2016",
}


@ARTICLE{R5:8,
    AUTHOR="Sandro Pinti. and Nuno Santos",
    TITLE="Demystifying Arm TrustZone: A Comprehensive Survey",
    JOURNAL="ACM Computing Survey Volume 51, Issue 6",
    YEAR="2019",
}

@ARTICLE{R5:9,
    AUTHOR="William Augusto Rodrigues, de Souza",
    TITLE="On Using the System Management Mode for Security Purpose",
    JOURNAL="University of London, Doctor of Philosophy",
    YEAR="2016",
}

@MISC{R5:10,
    HOWPUBLISHED = "\url{https://fosdem.org/2021/schedule/event/firmware_uor/attachments/slides/4492/export/events/attachments/firmware_uor/slides/4492/EDK2_on_RISC_V.pdf}",
    AUTHOR = "Schaefer, Daniel",
    TITLE = "EDK2 UEFI on RISC-V",
    MONTH = "February",
    YEAR = "2021",
    NOTE = "Accessed on 2021-8-30"
}

@MISC{R5:11,
    HOWPUBLISHED = "\url{https://media.defense.gov/2020/Sep/15/2002497594/-1/-1/0/CTR-UEFI-SECURE-BOOT-CUSTOMIZATION-20200915.PDF/CTR-UEFI-SECURE-BOOT-CUSTOMIZATION-20200915.PDF}",
    AUTHOR = "National Security Agency",
    TITLE = "UEFI Secure Boot Customization",
    MONTH = "September",
    YEAR = "2020",
    NOTE = "Accessed on 2021-8-30"
}
