@MISC{R5:1,
    HOWPUBLISHED = "\url{https://www.eejournal.com/article/wait-what-mips-becomes-risc-v/}",
    AUTHOR = "Jim Turley",
    TITLE = "Wait, What? MIPS Becomes RISC-V",
    MONTH = "March",
    YEAR = "2021",
    NOTE = "Accessed on 2021-8-30"
}

@ARTICLE{R51:1,
    AUTHOR="Jagan Teki, Amarula Solutions",
    TITLE="An Introduction to RISC-V Boot flow: Overview, Blob vs Blobfree standards",
    JOURNAL="China RISC-V Forum",
    YEAR="2019",
}

@ARTICLE{R51:2,
    AUTHOR="Abner, Chang. and Dong, Wei.",
    HOWPUBLISHED = "\url{https://riscv.org/wp-content/uploads/2016/01/Tues1415-RISC-V-and-UEFI.pdf}",
    TITLE="UEFI and RISC-V",
    JOURNAL="3rd RISC-V Workshop",
    YEAR="2015",
}


@ARTICLE{R5:2,
    AUTHOR="Ning, Zhenyu. and Liao, Jinghui. and Zhang, Fengwei. and Shi, Weisong.",
    TITLE="Preliminary Study of Trusted Execution Environments on Heterogeneous Edge Platforms",
    JOURNAL="Third ACM/IEEE Symposium on Edge Computing",
    YEAR="2018",
}

@ARTICLE{R5:3,
    AUTHOR="Christian Göttel. and Rafael Pires. and Isabelly Rocha. and Sébastien Vaucher. and Pascal Felber. and Marcelo Pasin; Valerio Schiavoni",
    TITLE="Security, Performance and Energy Trade-offs of Hardware-assisted Memory Protection Mechanisms",
    JOURNAL="2018 IEEE 37th Symposium on Reliable Distributed Systems (SRDS), Salvador, Brazil",
    YEAR="2019",
}


@ARTICLE{R5:4,
    AUTHOR="Nicholas Geraldine Shirley. and Gui Yutian. and Saqib Fareena",
    TITLE="A Survey and Analysis on SoC Platform Security in ARM, Intel and RISC-V Architecture",
    JOURNAL="2020 IEEE 63rd International Midwest Symposium on Circuits and Systems (MWSCAS)",
    YEAR="2020",
}


@ARTICLE{R5:5,
    AUTHOR="Pascal Nasahl. and Robert Schilling. and Mario Werner. and Stefan Mangard",
    TITLE="HECTOR-V: A Heterogeneous CPU Architecture for a Secure RISC-V Execution Environment",
    JOURNAL="2021 ACM Asia Conference on Computer and Communications Security",
    YEAR="2021",
}

@ARTICLE{R5:6,
    AUTHOR="Victor Costan. and Ilia Lebedev. and Srinivas Devadas. and MIT CSAIL",
    TITLE="Sanctum: Minimal Hardware Extensions for Strong Software Isolation",
    JOURNAL="USENIX The Advanced Computing System Association",
    YEAR="2016",
}

@ARTICLE{R5:7,
    AUTHOR="Victor Costan. and S. Devadas",
    TITLE="Intel SGX Explained",
    JOURNAL="Computer Science and Artificial Intelligence Laboratory Massachusetts Institute of Technology",
    YEAR="2016",
}


@ARTICLE{R5:8,
    AUTHOR="Sandro Pinti. and Nuno Santos",
    TITLE="Demystifying Arm TrustZone: A Comprehensive Survey",
    JOURNAL="ACM Computing Survey Volume 51, Issue 6",
    YEAR="2019",
}

@ARTICLE{R5:9,
    AUTHOR="William Augusto Rodrigues, de Souza",
    TITLE="On Using the System Management Mode for Security Purpose",
    JOURNAL="University of London, Doctor of Philosophy",
    YEAR="2016",
}

@MISC{R5:10,
    HOWPUBLISHED = "\url{https://fosdem.org/2021/schedule/event/firmware_uor/attachments/slides/4492/export/events/attachments/firmware_uor/slides/4492/EDK2_on_RISC_V.pdf}",
    AUTHOR = "Schaefer, Daniel",
    TITLE = "EDK2 UEFI on RISC-V",
    MONTH = "February",
    YEAR = "2021",
    NOTE = "Accessed on 2021-8-30"
}

@MISC{R5:11,
    HOWPUBLISHED = "\url{https://media.defense.gov/2020/Sep/15/2002497594/-1/-1/0/CTR-UEFI-SECURE-BOOT-CUSTOMIZATION-20200915.PDF/CTR-UEFI-SECURE-BOOT-CUSTOMIZATION-20200915.PDF}",
    AUTHOR = "National Security Agency",
    TITLE = "UEFI Secure Boot Customization",
    MONTH = "September",
    YEAR = "2020",
    NOTE = "Accessed on 2021-8-30"
}


@ARTICLE{R5:12,
    AUTHOR="Jawad, H.-Y. and Ming Ming, W. and Vikramkumar, P. and Shivam, B. and Anupam, C. ",
    TITLE="Lightweight SecureBoot Architecture for RISC-V System-on-Chip",
    JOURNAL="20th International Symposium on Quality Electronic Design (ISQED)",
    YEAR="2019",
}

@MISC{R5:13,
    AUTHOR= "Kinney, Michael",
    TITLE="Understanding the UEFI Secure Boot Chain",
    HOWPUBLISHED = "\url{https://edk2-docs.gitbook.io/understanding-the-uefi-secure-boot-chain/secure_boot_chain_in_uefi/uefi_secure_boot}",
    YEAR="2020"
}


@MISC{R5:14,
    AUTHOR= "Dell EMC (Wei Liu, Seammus Jones)",
    TITLE="CYBER-RESILENCY IN CHIPSET AND BIOS",
    HOWPUBLISHED = "\url{https://downloads.dell.com/solutions/servers-solution-resources/Direct%20from%20Development%20-%20Cyber-Resiliency%20In%20Chipset%20and%20BIOS.pdf}",
    YEAR="2017"
}


@MISC{R5:15,
    AUTHOR= "Padoin, N",
    TITLE="Secure Boot: What You Need to Know",
    HOWPUBLISHED = "\url{https://www.electronicdesign.com/technologies/embedded-revolution/article/21806085/secure-boot-what-you-need-to-know}",
    YEAR="2018"
}


@MISC{R5:16,
    AUTHOR= "The Coreboot Project",
    TITLE="vboot - Verified Boot Support",
    HOWPUBLISHED = "\url{https://doc.coreboot.org/security/vboot/index.html}",
    YEAR="2020"
}

@MISC{R5:17,
    AUTHOR= "Android",
    TITLE="Android Verified Boot - Device State",
    HOWPUBLISHED = "\url{https://source.android.com/security/verifiedboot/device-state}",
    YEAR="2020"
}
